<record><leader>00000cas a2200000 a 4500</leader><controlfield tag="001">27017703</controlfield><controlfield tag="008">921123d19911995vauwr ne      0   a0eng c</controlfield><datafield ind1=" " ind2=" " tag="010"><subfield code="a">sn 92006257 </subfield></datafield><datafield ind1=" " ind2=" " tag="040"><subfield code="a">NSD</subfield><subfield code="b">eng</subfield><subfield code="c">NSD</subfield><subfield code="d">NVK</subfield><subfield code="d">DLC</subfield><subfield code="d">OCLCQ</subfield><subfield code="d">OCLCF</subfield><subfield code="d">OCLCO</subfield></datafield><datafield ind1=" " ind2=" " tag="012"><subfield code="m">y</subfield></datafield><datafield ind1="1" ind2=" " tag="022"><subfield code="a">1066-6273</subfield><subfield code="l">1066-6273</subfield><subfield code="y">1050-7620</subfield><subfield code="2">1</subfield></datafield><datafield ind1="1" ind2=" " tag="029"><subfield code="a">AU@</subfield><subfield code="b">000020038693</subfield></datafield><datafield ind1=" " ind2=" " tag="032"><subfield code="a">013120</subfield><subfield code="b">USPS</subfield></datafield><datafield ind1=" " ind2=" " tag="037"><subfield code="b">DCI Pub., 717 N. St. Asaph St., Alexandria, VA 22314</subfield></datafield><datafield ind1=" " ind2=" " tag="042"><subfield code="a">nsdp</subfield><subfield code="a">pcc</subfield></datafield><datafield ind1=" " ind2=" " tag="043"><subfield code="a">n-us-va</subfield></datafield><datafield ind1="0" ind2="0" tag="050"><subfield code="a">Newspaper</subfield></datafield><datafield ind1=" " ind2="0" tag="222"><subfield code="a">Alexandria port gazette packet</subfield></datafield><datafield ind1="0" ind2="0" tag="245"><subfield code="a">Alexandria port gazette packet.</subfield></datafield><datafield ind1="1" ind2="7" tag="246"><subfield code="a">Gazette packet</subfield></datafield><datafield ind1=" " ind2=" " tag="260"><subfield code="a">Alexandria, Va. :</subfield><subfield code="b">DCI Pub.,</subfield><subfield code="c">1991-1995.</subfield></datafield><datafield ind1=" " ind2=" " tag="300"><subfield code="a">v.</subfield></datafield><datafield ind1=" " ind2=" " tag="310"><subfield code="a">Weekly</subfield></datafield><datafield ind1="0" ind2=" " tag="362"><subfield code="a">Vol. 208, no. 19 (June 13, 1991)-v. 212, no. 46 (Dec. 21, 1995).</subfield></datafield><datafield ind1=" " ind2=" " tag="525"><subfield code="a">Contains supplement called: Port plus.</subfield></datafield><datafield ind1=" " ind2=" " tag="530"><subfield code="a">Available on microfilm from Octo Archives, and the Library of Congress, Photoduplication Service.</subfield></datafield><datafield ind1=" " ind2="0" tag="651"><subfield code="a">Alexandria (Va.)</subfield><subfield code="v">Newspapers.</subfield></datafield><datafield ind1=" " ind2="7" tag="655"><subfield code="a">Newspapers.</subfield><subfield code="2">fast</subfield><subfield code="0">(OCoLC)fst01423814</subfield></datafield><datafield ind1=" " ind2="7" tag="651"><subfield code="a">Virginia</subfield><subfield code="z">Alexandria.</subfield><subfield code="2">fast</subfield><subfield code="0">(OCoLC)fst01206236</subfield></datafield><datafield ind1=" " ind2=" " tag="752"><subfield code="a">United States</subfield><subfield code="b">Virginia</subfield><subfield code="d">Alexandria.</subfield></datafield><datafield ind1="0" ind2="0" tag="780"><subfield code="t">Alexandria gazette packet</subfield><subfield code="x">1050-7620</subfield><subfield code="w">(DLC)sn 90002142</subfield><subfield code="w">(OCoLC)21587663</subfield></datafield><datafield ind1="0" ind2="0" tag="785"><subfield code="t">Alexandria gazette packet (Alexandria, Va. : 1995)</subfield><subfield code="w">(DLC)sn 98068147</subfield></datafield></record>